<record><leader>00000cas a2200000 a 4500</leader><controlfield tag="001">877840637</controlfield><controlfield tag="007">hd afb014bacp</controlfield><controlfield tag="007">hd bfb014babp</controlfield><controlfield tag="008">140421d19831985njuwr nea     0   c0rus c</controlfield><datafield ind1=" " ind2=" " tag="010"><subfield code="a">  2014252270</subfield></datafield><datafield ind1=" " ind2=" " tag="040"><subfield code="a">WAU</subfield><subfield code="b">eng</subfield><subfield code="c">WAU</subfield><subfield code="d">OCLCF</subfield><subfield code="d">OCLCQ</subfield></datafield><datafield ind1=" " ind2=" " tag="066"><subfield code="c">(N</subfield></datafield><datafield ind1=" " ind2=" " tag="042"><subfield code="a">pcc</subfield></datafield><datafield ind1=" " ind2=" " tag="043"><subfield code="a">n-us-nj</subfield></datafield><datafield ind1="0" ind2="0" tag="245"><subfield code="a">NA.</subfield></datafield><datafield ind1="1" ind2="3" tag="246"><subfield code="a">New American</subfield></datafield><datafield ind1="1" ind2="1" tag="246"><subfield code="6">880-01</subfield><subfield code="a">Novyi&#774; Amerikanet&#65056;s&#65057;</subfield></datafield><datafield ind1=" " ind2=" " tag="260"><subfield code="a">Jersey City, N.J. :</subfield><subfield code="b">The New American, Inc.,</subfield><subfield code="c">1983-1985.</subfield></datafield><datafield ind1=" " ind2=" " tag="300"><subfield code="a">99 volumes :</subfield><subfield code="b">illustrations ;</subfield><subfield code="c">42 cm</subfield></datafield><datafield ind1=" " ind2=" " tag="310"><subfield code="a">Weekly</subfield></datafield><datafield ind1=" " ind2=" " tag="336"><subfield code="a">text</subfield><subfield code="b">txt</subfield><subfield code="2">rdacontent</subfield></datafield><datafield ind1=" " ind2=" " tag="337"><subfield code="a">microform</subfield><subfield code="b">h</subfield><subfield code="2">rdamedia</subfield></datafield><datafield ind1=" " ind2=" " tag="338"><subfield code="a">microfilm reel</subfield><subfield code="b">hd</subfield><subfield code="2">rdacarrier</subfield></datafield><datafield ind1="0" ind2=" " tag="362"><subfield code="a">200 (Dec. 22, 1983)-298 (Nov. 6, 1985).</subfield></datafield><datafield ind1=" " ind2=" " tag="500"><subfield code="a">"America's only Jewish Russian language weekly."</subfield></datafield><datafield ind1=" " ind2=" " tag="515"><subfield code="a">Issue for April [17], 1985 misdated Feb. 12, 1985.</subfield></datafield><datafield ind1=" " ind2=" " tag="550"><subfield code="a">"Official publication for the Committee for the Absorbtion [sic] of Soviet Emigrees (C.A.S.E.)."</subfield></datafield><datafield ind1=" " ind2=" " tag="580"><subfield code="a">Continued as a periodical with issue for Jan./Feb. 1986.</subfield></datafield><datafield ind1=" " ind2=" " tag="533"><subfield code="a">Microfilm.</subfield><subfield code="b">Seattle :</subfield><subfield code="c">[Filmed for the University of Washington Libraries],</subfield><subfield code="d">1985.</subfield><subfield code="e">microfilm reels ; 35 mm.</subfield></datafield><datafield ind1=" " ind2="0" tag="650"><subfield code="a">Russian Americans</subfield><subfield code="v">Newspapers.</subfield></datafield><datafield ind1=" " ind2="0" tag="650"><subfield code="a">Jews, Russian</subfield><subfield code="z">United States</subfield><subfield code="v">Newspapers.</subfield></datafield><datafield ind1=" " ind2="0" tag="651"><subfield code="a">Jersey City (N.J.)</subfield><subfield code="v">Newspapers.</subfield></datafield><datafield ind1=" " ind2="0" tag="651"><subfield code="a">Hudson County (N.J.)</subfield><subfield code="v">Newspapers.</subfield></datafield><datafield ind1=" " ind2="7" tag="650"><subfield code="a">Jews, Russian.</subfield><subfield code="2">fast</subfield><subfield code="0">(OCoLC)fst00983514</subfield></datafield><datafield ind1=" " ind2="7" tag="650"><subfield code="a">Russian Americans.</subfield><subfield code="2">fast</subfield><subfield code="0">(OCoLC)fst01101969</subfield></datafield><datafield ind1=" " ind2="7" tag="651"><subfield code="a">New Jersey</subfield><subfield code="z">Hudson County.</subfield><subfield code="2">fast</subfield><subfield code="0">(OCoLC)fst01208130</subfield></datafield><datafield ind1=" " ind2="7" tag="651"><subfield code="a">New Jersey</subfield><subfield code="z">Jersey City.</subfield><subfield code="2">fast</subfield><subfield code="0">(OCoLC)fst01207670</subfield></datafield><datafield ind1=" " ind2="7" tag="651"><subfield code="a">United States.</subfield><subfield code="2">fast</subfield><subfield code="0">(OCoLC)fst01204155</subfield></datafield><datafield ind1=" " ind2="7" tag="655"><subfield code="a">Newspapers.</subfield><subfield code="2">fast</subfield><subfield code="0">(OCoLC)fst01423814</subfield></datafield><datafield ind1="2" ind2=" " tag="710"><subfield code="a">Committee for the Absorption of Soviet Emigrees.</subfield></datafield><datafield ind1=" " ind2=" " tag="752"><subfield code="a">United States</subfield><subfield code="b">New Jersey</subfield><subfield code="d">Jersey City.</subfield></datafield><datafield ind1="1" ind2=" " tag="776"><subfield code="c">Original</subfield><subfield code="w">(DLC)sn 99058003</subfield><subfield code="w">(OCoLC)41020321</subfield></datafield><datafield ind1="0" ind2="0" tag="780"><subfield code="6">880-02</subfield><subfield code="t">Novyi&#774; amerikanet&#65056;s&#65057;</subfield><subfield code="w">(DLC)  2014252265</subfield></datafield><datafield ind1="0" ind2="0" tag="785"><subfield code="t">New American (Jersey City, N.J.)</subfield></datafield><datafield ind1="1" ind2="1" tag="880"><subfield code="6">246-01/(N</subfield><subfield code="a">&#1053;&#1086;&#1074;&#1099;&#1081; &#1040;&#1084;&#1077;&#1088;&#1080;&#1082;&#1072;&#1085;&#1077;&#1094;</subfield></datafield><datafield ind1="0" ind2="0" tag="880"><subfield code="6">780-02/(N</subfield><subfield code="t">&#1053;&#1086;&#1074;&#1099;&#1081; &#1072;&#1084;&#1077;&#1088;&#1080;&#1082;&#1072;&#1085;&#1077;&#1094;</subfield><subfield code="w">(DLC)  2014252265</subfield></datafield></record>